@misc{TUChemnitzKDE,
	author = {KDE},
	title = {Häufig gestellte Fragen über KDE},
	year = "2015",
	howpublished = "\url{https://www.tu-chemnitz.de/urz/archiv/kursunterlagen/linux-bedienung/KDE3/ORIGINALE/userguide/frequently-asked-questions.html}",
	note = "[Online; accessed 24-December-2015]"}

@misc{kdelogo,
	author = {KDE},
	year = "2015",
	howpublished = "\url{https://www.kde.org/stuff/clipart/klogo-official-oxygen-3000x3000.png}",
	note = "[Online; accessed 25-December-2015]"}

@misc{kdeversionenwiki,
	author = {KDE},
	year = "2015",
	howpublished = "\url{https://de.wikipedia.org/wiki/K_Desktop_Environment}",
	note = "[Online; accessed 26-December-2015]"}

@misc{kdeplasma5,
	author = {KDE},
	year = "2015",
	howpublished = "\url{http://www.heise.de/open/artikel/Plasma-5-Der-KDE-Desktop-in-neuem-Glanz-2260451.html}",
	note = "[Online; accessed 27-December-2015]"}


@misc{geschichtekde,
	author = {KDE},
	year = "2015",
	howpublished = "\url{https://wiki.ubuntuusers.de/Geschichte_von_KDE/}",
	note = "[Online; accessed 26-December-2015]"}

@misc{kdeplasma5,
	author = {KDE},
	year = "2015",
	howpublished = "\url{https://www.kde.org/announcements/plasma5.0/}",
	note = "[Online; accessed 26-December-2015]"}


@misc{kdeversionenwiki,
	author = {KDE},
	year = "2015",
	howpublished = "\url{https://wiki.ubuntuusers.de/Geschichte_von_KDE/}",
	note = "[Online; accessed 25-December-2015]"}



@misc{ApplLife,
	author = {KDE},
	title = {Application Lifecycle},
	year = "2015",
	howpublished = "\url{https://techbase.kde.org/Policies/Application_Lifecycle}",
	note = "[Online; accessed 28-December-2015]"
}
@misc{KDEReleaseTeam,
	author = {KDE},
	title = {Projects – Release Team},
	year = "2015",
	howpublished = "\url{https://techbase.kde.org/Projects/Release_Team}",
	note = "[Online; accessed 28-December-2015]"
}
@misc{KDEReleaseSchedulePlasma5,
	author = {KDE},
	title = {Schedules – Plasma 5},
	year = "2015",
	howpublished = "\url{https://techbase.kde.org/Schedules/Plasma_5}",
	note = "[Online; accessed 28-December-2015]"
}
@misc{KDECodeReview,
	author = {KDE},
	title = {Policies – Suggested Review Criteria},
	year = "2015",
	howpublished = "\url{https://techbase.kde.org/Policies/Suggested_Review_Criteria}",
	note = "[Online; accessed 28-December-2015]"
}

@misc{KDEPlasma,
	author = {KDE},
    title = {Pasma KDE},
	year = "2015",
	howpublished = "\url{https://techbase.kde.org/Development/Architecture/KDE4/Plasma}",
	note = "[Online; accessed 22-December-2015]"
}

@misc{KDEWorkspaces,
	author = {KDE},
    title = {Workspaces KDE},
	year = "2015",
	howpublished = "\url{https://www.kde.org/workspaces/}",
	note = "[Online; accessed 22-December-2015]"
}

@misc{KDEApps,
	author = {KDE},
    title = {Applications KDE},
	year = "2015",
	howpublished = "\url{https://www.kde.org/applications/}",
	note = "[Online; accessed 22-December-2015]"
}

@misc{KDEFramework5,
	author = {KDE},
	title = {Frameworks 5},
	year = "2015",
	howpublished = "\url{https://dot.kde.org/2013/09/25/frameworks-5}",
	note = "[Online; accessed 27-December-2015]"
}

@misc{KDEFramework5TechPreview,
	author = {KDE},
	title = {Frameworks 5 Tech Preview},
	year = "2015",
	howpublished = "\url{https://dot.kde.org/2014/01/07/frameworks-5-tech-preview}",
	note = "[Online; accessed 27-December-2015]"
}

@misc{KDEFrameworkDevelopment,
	author = {KDE},
	title = {Evolution and development of KDE software},
	year = "2015",
	howpublished = "\url{https://en.wikipedia.org/wiki/File:Evolution_and_development_of_KDE_software.svg}",
	note = "[Online; accessed 27-December-2015]"
}

@misc{KDEDeveloperPlatform,
	author = {KDE},
	title = {The KDE development platform},
	year = "2015",
	howpublished = "\url{https://www.kde.org/developerplatform/}",
	note = "[Online; accessed 27-December-2015]"
}

@misc{1,
	author = {KDE},
	title = {KDE},
	year = "2015",
	howpublished = "\url{https://de.kde.org}",
	note = "[Online; accessed 27-December-2015]"
}

@misc{2,
	author = {Susanne Patig, Jens Dibbern},
	title = {Requirements Engineering},
	year = "2015",
	howpublished = "\url{http://www.enzyklopaedie-der-wirtschaftsinformatik.de/lexikon/is-management/Systementwicklung/Hauptaktivitaten-der-Systementwicklung/Problemanalyse-/Requirements-Engineering/index.html}",
	note = "[Online; accessed 27-December-2015]"
}
@misc{3,
	author = {KDE},
	title = {KDE Techbase},
	year = "2015",
	howpublished = "\url{https://techbase.kde.org/Development/Software\_Engineering\_Framework\#Requirements\_Gathering}",
	note = "[Online; accessed 28-December-2015]"
}
@misc{4,
	author = {KDE},
	title = {KDE},
	year = "2015",
	howpublished = "\url{https://docs.kde.org/index.php?language=de\&package=kdemultimedia}",
	note = "[Online; accessed 28-December-2015]"
}
@misc{1,
	author = {KDE},
	title = {KDE Techbase},
	year = "2015",
	howpublished = "\url{https://techbase.kde.org/Schedules/Applications/15.12\_Feature\_Plan}",
	note = "[Online; accessed 29-December-2015]"
}
@misc{1,
	author = {KDE},
	title = {KDE},
	year = "2015",
	howpublished = "\url{https://techbase.kde.org/Schedules/KDE4/4.4\_Requirements}",
	note = "[Online; accessed 29-December-2015]"
}
